@book{rice2007mathematical,
  title={Mathematical Statistics and Data Analysis},
  author={Rice, J.~A.},
  isbn={9780534399429},
  edition={Third Edition},
  year={2007},
  publisher={Duxbury}
}

@book{raic,
  author={Raič, M.},
  title={Razcep variance},
  edition={Dopolnitve predavanj iz statistike v študijskem letu 2023/24},
  url={https://ucilnica.fmf.uni-lj.si/mod/resource/view.php?id=63830},
  urldate={2024-09-16}
}
